@article{aho-1990,
  title   = {Algorithms for Finding Patterns in Strings},
  doi     = {10.1016/b978-0-444-88071-0.50010-2},
  journal = {Algorithms and Complexity},
  author  = {Aho, Alfred V.},
  year    = {1990},
  pages   = {255–300}
}

@misc{antlr,
  title        = {{ANTLR} homepage},
  howpublished = {\url{https://www.antlr.org/}},
  note         = {Accessed: 2020-10-24}
}

@article{chomsky-1956,
  title   = {Three models for the description of language},
  volume  = {2},
  doi     = {10.1109/tit.1956.1056813},
  number  = {3},
  journal = {IEEE Transactions on Information Theory},
  author  = {Chomsky, N.},
  year    = {1956},
  pages   = {113–124}
}

@misc{coco/r,
  title        = {{T}he {C}ompiler {G}enerator {C}oco/{R} homepage},
  howpublished = {\url{http://www.ssw.uni-linz.ac.at/Coco/}},
  note         = {Accessed: 2020-10-24}
}

@article{couprie-2015,
  title   = {Nom, A Byte oriented, streaming, Zero copy, Parser Combinators Library in {R}ust},
  doi     = {10.1109/spw.2015.31},
  journal = {2015 IEEE Security and Privacy Workshops},
  author  = {Couprie, Geoffroy},
  year    = {2015}
}

@article{fokker-1995,
  title   = {Functional parsers},
  doi     = {10.1007/3-540-59451-5_1},
  journal = {Advanced Functional Programming Lecture Notes in Computer Science},
  author  = {Fokker, Jeroen},
  year    = {1995},
  pages   = {1–23}
}

@book{iso-14977,
  title     = {Information technology, syntactic metalanguage, extended {BNF}},
  publisher = {ISO/IEC},
  year      = {1996},
  place     = {Genève}
}

@article{johnson-porter-ackley-ross-1968,
  title   = {Automatic generation of efficient lexical processors using finite state techniques},
  volume  = {11},
  doi     = {10.1145/364175.364185},
  number  = {12},
  journal = {Communications of the ACM},
  author  = {Johnson, Walter L. and Porter, James H. and Ackley, Stephanie I. and Ross, Douglas T.},
  year    = {1968},
  pages   = {805–813}
}

@article{leijen-2001,
  author = {Leijen, Daan and Meijer, Erik},
  title  = {Parsec: Direct Style Monadic Parser Combinators For The Real World},
  year   = {2001},
  month  = {12}
}

@misc{lex-yacc,
  title        = {The Lex \& Yacc homepage},
  howpublished = {\url{http://dinosaur.compilertools.net/}},
  note         = {Accessed: 2020-10-24}
}

@book{meduna-2014,
  title     = {Formal Languages and Computation: Models and Their Applications},
  author    = {Meduna, Alexander},
  isbn      = {9781466513495},
  url       = {https://books.google.pl/books?id=CFLOBQAAQBAJ},
  year      = {2014},
  publisher = {CRC Press}
}

@misc{ply,
  title        = {PLY homepage},
  howpublished = {\url{https://www.dabeaz.com/ply/}},
  note         = {Accessed: 2020-10-24}
}

@misc{regex101,
  title        = {Regex101 homepage},
  howpublished = {\url{https://regex101.com/}},
  note         = {Accessed: 2020-10-24}
}

@book{rust-book,
  author    = {Klabnik, Steve and Nichols, Carol},
  title     = {The Rust Programming Language},
  year      = {2018},
  isbn      = {1593278284},
  publisher = {No Starch Press},
  address   = {USA}
}

@misc{svelte-docs,
  title        = {Svelte API documentation},
  howpublished = {\url{https://svelte.dev/docs}},
  note         = {Accessed: 2020-10-24}
}

@article{swierstra-2009,
  title   = {Combinator Parsing: A Short Tutorial},
  doi     = {10.1007/978-3-642-03153-3_6},
  journal = {Language Engineering and Rigorous Software Development Lecture Notes in Computer Science},
  author  = {Swierstra, S. Doaitse},
  year    = {2009},
  pages   = {252–300}
}

@article{ford-2004,
  title={Parsing expression grammars},
  DOI={10.1145/964001.964011},
  journal={Proceedings of the 31st ACM SIGPLAN-SIGACT symposium on Principles of programming languages - POPL 04},
  author={Ford, Bryan},
  year={2004}
}